@article{
   author = {Balabanis, G and Stables, R. E and Phillips, H. C},
   title = {Market orientation in the top 200 British charity organizations and its impact on their performance},
   journal = {European Journal of Marketing},
   volume = {31},
   number = {8},
   pages = {583-603},
   year = {1997},
   type = {Journal Article}
}

@article{
   author = {Bekkers, René and Bowman, Woods},
   title = {The Relationship Between Confidence in Charitable Organizations and Volunteering Revisited},
   journal = {Nonprofit and Voluntary Sector Quarterly},
   volume = {38},
   number = {5},
   pages = {884-897},
   DOI = {10.1177/0899764008324516},
   url = {http://nvs.sagepub.com/content/38/5/884.abstract},
   year = {2009},
   type = {Journal Article}
}

@article{
   author = {Berman, Gabrielle and Davidson, Sinclair},
   title = {Do Donors Care? Some Australian Evidence},
   journal = {Voluntas: International Journal of Voluntary and Nonprofit Organizations},
   volume = {14},
   number = {4},
   pages = {421-429},
   keywords = {charities
fund-raising
legislation
Australia},
   ISSN = {0957-8765},
   DOI = {10.1023/B:VOLU.0000007467.74816.a4},
   url = {http://dx.doi.org/10.1023/B%3AVOLU.0000007467.74816.a4},
   year = {2003},
   type = {Journal Article}
}

@article{
   author = {Cermak, Dianne S. P. and File, Karen Maru and Prince, Russ Alan},
   title = {A benefit segmentation of the major donor market},
   journal = {Journal of Business Research},
   volume = {29},
   number = {2},
   pages = {121-130},
   ISSN = {0148-2963},
   DOI = {http://dx.doi.org/10.1016/0148-2963(94)90016-7},
   url = {http://www.sciencedirect.com/science/article/pii/0148296394900167},
   year = {1994},
   type = {Journal Article}
}

@article{
   author = {Duaso, M. and Duncan, D.},
   title = {Health impact of smoking and smoking cessation strategies: current evidence},
   journal = {Br J Community Nurs},
   volume = {17},
   number = {8},
   pages = {356-63},
   note = {Duaso, Maria
Duncan, Debbie
Review
England
Br J Community Nurs. 2012 Aug;17(8):356-63.},
   keywords = {Benzazepines/therapeutic use
Bupropion/therapeutic use
Cause of Death
Counseling
Evidence-Based Medicine
Great Britain/epidemiology
Humans
Nicotinic Agonists/therapeutic use
Nurse's Role
Quinoxalines/therapeutic use
Smoking/ adverse effects/economics/epidemiology/ prevention & control
Smoking Cessation
State Medicine
Tobacco Use Cessation Products},
   ISSN = {1462-4753 (Print)
1462-4753 (Linking)},
   year = {2012},
   type = {Journal Article}
}

@article{
   author = {Gaskin, Katharine},
   title = {Blurred vision: public trust in charities},
   journal = {International Journal of Nonprofit and Voluntary Sector Marketing},
   volume = {4},
   number = {2},
   pages = {163-178},
   ISSN = {1479-103X},
   DOI = {10.1002/nvsm.66},
   url = {http://dx.doi.org/10.1002/nvsm.66},
   year = {1999},
   type = {Journal Article}
}

@article{
   author = {Hind, Andrew},
   title = {New development: Increasing public trust and confidence in charities: on the side of the angels},
   journal = {Public Money & Management},
   volume = {31},
   number = {3},
   pages = {201-205},
   ISSN = {0954-0962},
   DOI = {10.1080/09540962.2011.573232},
   url = {http://dx.doi.org/10.1080/09540962.2011.573232},
   year = {2011},
   type = {Journal Article}
}

@article{
   author = {Sargeant, Adrian},
   title = {Relationship Fundraising: How to Keep Donors Loyal},
   journal = {Nonprofit Management and Leadership},
   volume = {12},
   number = {2},
   pages = {177-192},
   ISSN = {1542-7854},
   DOI = {10.1002/nml.12204},
   url = {http://dx.doi.org/10.1002/nml.12204},
   year = {2001},
   type = {Journal Article}
}

@article{
   author = {Sargeant, Adrian and Ford, John B. and West, Douglas C.},
   title = {Perceptual determinants of nonprofit giving behavior},
   journal = {Journal of Business Research},
   volume = {59},
   number = {2},
   pages = {155-165},
   ISSN = {0148-2963},
   DOI = {http://dx.doi.org/10.1016/j.jbusres.2005.04.006},
   url = {http://www.sciencedirect.com/science/article/pii/S0148296305000597},
   year = {2006},
   type = {Journal Article}
}

@article{
   author = {Saxton, Joe},
   title = {The achilles' heel of modern nonprofits is not public ‘trust and confidence’ but public understanding of 21st century charities},
   journal = {International Journal of Nonprofit and Voluntary Sector Marketing},
   volume = {9},
   number = {3},
   pages = {188-190},
   ISSN = {1479-103X},
   DOI = {10.1002/nvsm.246},
   url = {http://dx.doi.org/10.1002/nvsm.246},
   year = {2004},
   type = {Journal Article}
}

@article{
   author = {Schlegelmilch, B. B. and Tynan, A. C.},
   title = {The scope for market segmentation within the charity market: An empirical analysis},
   journal = {Managerial and Decision Economics},
   volume = {10},
   number = {2},
   pages = {127-134},
   ISSN = {1099-1468},
   DOI = {10.1002/mde.4090100207},
   url = {http://dx.doi.org/10.1002/mde.4090100207},
   year = {1989},
   type = {Journal Article}
}

@article{
   author = {Tonkiss, Fran and Passey, Andrew},
   title = {Trust, Confidence and Voluntary Organisations: Between Values and Institutions},
   journal = {Sociology},
   volume = {33},
   number = {2},
   pages = {257-274},
   DOI = {10.1177/s0038038599000164},
   url = {http://soc.sagepub.com/content/33/2/257.abstract},
   year = {1999},
   type = {Journal Article}
}

@article{
   author = {Marsden, John and Budden, David and Craig, Hugh and Moscato, Pablo},
   title = {Language Individuation and Marker Words: Shakespeare and His Maxwell's Demon},
   journal = {PLoS ONE},
   volume = {8},
   number = {6},
   pages = {e66813},
   DOI = {10.1371/journal.pone.0066813},
   url = {http://dx.doi.org/10.1371%2Fjournal.pone.0066813},
   year = {2013},
   type = {Journal Article}
}
